<?xml version="1.0" encoding="UTF-8"?><collection xmlns="http://www.loc.gov/MARC21/slim"><record><leader>00516nam--2200145-i-4500</leader><controlfield tag="001">000010723</controlfield><controlfield tag="002">20161230</controlfield><controlfield tag="005">20161230201028</controlfield><controlfield tag="008">060222s1000------------r-----000-0-eng-d</controlfield><datafield ind1=" " ind2=" " tag="080"><subfield code="a">615.9:546.49</subfield></datafield><datafield ind1=" " ind2=" " tag="100"><subfield code="a">Casanova, Maryse</subfield></datafield><datafield ind1=" " ind2=" " tag="245"><subfield code="a">Toxicologie biologique et analytique des deriv es organiques du mercure utilises comme fongic ides en agriculture. etude particuliere du sil icate de methoxy-etylmercure. these</subfield></datafield><datafield ind1=" " ind2=" " tag="260"><subfield code="a">Paris, Univ.Rene Descartes De Paris, 1971. 131 P. 131 P</subfield></datafield><datafield ind1=" " ind2=" " tag="490"><subfield code="a">U</subfield></datafield><datafield ind1=" " ind2=" " tag="852"><subfield code="a">39005</subfield></datafield></record></collection>